@article{Golyandina04,
  title={Метод <<Гусеница>>-SSA: анализ временных рядов},
  author={Голяндина, {\CYRN}. {\CYREREV}.},
  pages={5--12},
  year={2004},
  language={russian}
}

@article{Golyandina15,
	year = 2015,
	publisher = {International Press of Boston},
	volume = {8},
	number = {3},
	pages = {277--294},
	author = {Nina Golyandina and Alex Shlemov},
	title = {Variations of singular spectrum analysis for separability improvement: non-orthogonal decompositions of time series},
	journal = {Statistics and Its Interface}
}

@article{Shlemov,
	author = {Шлемов, {\CYRA}. {\CYRU}},
	title = {Метод разделения сигналов с использованием собственных подпространств сдвиговых матриц},
	language={russian}
}


@article{Roy89,
	year = 1989,
	volume = {37},
	pages = {984--995},
	author = {Roy, R. and Kailath, T.},
	title = {ESPRIT: estimation of signal parameters
via rotational invariance techniques},
	journal = {IEEE Transactions on Acoustics, Speech, and Signal Processing}
}

@article{Huffel94,
	year = 1994,
	volume = {110},
	pages = {228--237},
	author = {Van Huffel, H. and Chen, H. and Decanniere, C. and Van Hecke, P.},
	title = {Algorithm
for time-domain NMR data fitting based on total least squares},
	journal = {Journal
of Magnetic Resonance}
}
